<?xml version="1.0" encoding="UTF-8"?>
<marc:collection xmlns="http://www.loc.gov/MARC21/slim" xmlns:marc="http://www.loc.gov/MARC21/slim" xmlns:xsi="http://www.w3.org/2001/XMLSchema-instance" xsi:schemaLocation="http://www.loc.gov/standards/marcxml/schema/MARC21slim.xsd">
  <record>
    <leader>00000npc a2200000 u 4500</leader>
    <datafield ind1=" " ind2=" " tag="040">
      <subfield code="a">DWP</subfield>
      <subfield code="c">DWP</subfield>
      <subfield code="e">dacs</subfield>
    </datafield>
    <datafield ind1="0" ind2="0" tag="245">
      <subfield code="a">Marya Annette McQuirter Collection</subfield>
    </datafield>
    <datafield ind1=" " ind2=" " tag="300">
      <subfield code="a">45 cubic feet; 33 boxes</subfield>
    </datafield>
    <datafield ind1=" " ind2=" " tag="546">
      <subfield code="a">English</subfield>
    </datafield>
    <datafield ind1=" " ind2=" " tag="540">
      <subfield code="a">Some material may be copyrighted or restricted. It is the patron's obligation to determine and satisfy copyright or other case restrictions when publishing or otherwise distributing materials found in the collections.</subfield>
    </datafield>
    <datafield ind1="1" ind2=" " tag="561">
      <subfield code="a">Gift of Marya Annette McQuirter, 2006 and 2009.</subfield>
    </datafield>
    <datafield ind1="1" ind2=" " tag="545">
      <subfield code="a">Dr. Marya Annette McQuirter is a scholar in African American history and a local public history figure in Washington, D.C. McQuirter currently serves as a historian at the National Museum of African American History and Culture. As a historian for the Visual Arts department, she researches and writes content for the analog and digital platforms for the Visual Arts inaugural exhibition. She works with curators to amplify the life and work of artists and to illuminate the connections to the museum's other inaugural exhibitions. McQuirter’s publications include a volume in the Young Oxford History of African Americans series. In addition to her publications, McQuirter curated an exhibit at the Martin Luther King, Jr. Memorial Library and for the “America I Am: African American Imprint” traveling exhibit with Tavis Smiley. McQuirter taught African American and American studies courses at George Mason University and American University. McQuirter received her PhD in history from the University of Michigan in 2000.</subfield>
    </datafield>
    <datafield ind1="2" ind2=" " tag="520">
      <subfield code="a">The Marya Annete McQuirter papers document McQuirter's research on African-American history. Documents include research, subject, and organizational files, as well as correspondence, clippings, memorabilia, photographs, and materials from McQuirter's dissertation.</subfield>
    </datafield>
  </record>
</marc:collection>

